<?xml version="1.0" encoding="UTF-8"?><collection xmlns="http://www.loc.gov/MARC21/slim"><record><leader>00553nam--2200193-u-4500</leader><controlfield tag="001">000054113</controlfield><controlfield tag="002">20161230</controlfield><controlfield tag="005">20161230201051</controlfield><controlfield tag="008">110803s1000------------r-----000-0-rum-d</controlfield><datafield ind1=" " ind2=" " tag="040"><subfield code="a">IFIN-HH</subfield></datafield><datafield ind1=" " ind2=" " tag="041"><subfield code="a">rum</subfield></datafield><datafield ind1=" " ind2=" " tag="080"><subfield code="a">538.95(043)</subfield></datafield><datafield ind1="1" ind2=" " tag="100"><subfield code="a">Petre, Daniela</subfield></datafield><datafield ind1="1" ind2="0" tag="245"><subfield code="a">FENOMENE ELECTRICE SI FOTOELECTRICE IN SEMICONDUCTORI DE TIPUL AiiBvi SI AivBvi</subfield><subfield code="b">Teza</subfield><subfield code="c">Daniela petre</subfield></datafield><datafield ind1=" " ind2=" " tag="260"><subfield code="a">Bucuresti</subfield><subfield code="b">Ifa</subfield><subfield code="c">1998</subfield></datafield><datafield ind1=" " ind2=" " tag="300"><subfield code="a">90P</subfield></datafield><datafield ind1=" " ind2=" " tag="502"><subfield code="a">Conducator Stiintific: Dr. Toni Botila</subfield></datafield><datafield ind1=" " ind2=" " tag="852"><subfield code="a">80939</subfield><subfield code="c">537.311.33</subfield></datafield><datafield ind1=" " ind2=" " tag="CAT"><subfield code="a">Sys</subfield><subfield code="c">20110803</subfield><subfield code="h">095221</subfield></datafield></record></collection>